@book{Santamarina2005_a,
   title = "Discrete signals and inverse problems : an introduction for engineers and scientists",
   author = "Santamarina, J. Carlos and Fratta, Dante",
   publisher = "J. Wiley and sons",
   address = "Chichester",
   url = "http://opac.inria.fr/record=b1105865",
   isbn = "0-470-02187-X",
   year = 2005
}