@book{cover2006elements,
  title={Elements of Information Theory},
  author={Cover, T.M. and Thomas, J.A.},
  isbn={9780471748816},
  lccn={2005047799},
  series={Elements of Information Theory},
  url={http://books.google.es/books?id=EuhBluW31hsC},
  year={2006},
  publisher={Wiley}
}
