@ARTICLE{MRFTM, 
author={Cross, George R. and Jain, Anil K.}, 
journal={Pattern Analysis and Machine Intelligence, IEEE Transactions on}, 
title={Markov Random Field Texture Models}, 
year={1983}, 
month={Jan}, 
volume={PAMI-5}, 
number={1}, 
pages={25-39}, 
keywords={Computer science;Convergence;Image generation;Image processing;Image texture analysis;Markov random fields;Mathematical model;Parameter estimation;Stochastic processes;Testing;Binomial model;Markov random field;goodness-of-fit;hypothesis test;image modeling;texture}, 
doi={10.1109/TPAMI.1983.4767341}, 
ISSN={0162-8828},}
