
@article{Boyko_2011_a,
author = {Boyko, Nikita and Karamemis, Gulver and Kuzmenko, Viktor and Uryasev, Stan},
journal = {ise.ufl.edu},
title = {{Sparse Signal Reconstruction: LASSO and Cardinality Approaches}},
url = {http://www.ise.ufl.edu/uryasev/files/2012/02/tsparse\_2\_1\_Stan2\_Gulver\_2.pdf},
year = {2011}
}


@inproceedings{Parker_2011_a,
author = {Parker, Jason T. and Cevher, Volkan and Schniter, Philip},
booktitle = {2011 Conference Record of the Forty Fifth Asilomar Conference on Signals, Systems and Computers (ASILOMAR)},
doi = {10.1109/ACSSC.2011.6190118},
isbn = {978-1-4673-0323-1},
month = nov,
pages = {804--808},
publisher = {IEEE},
title = {{Compressive sensing under matrix uncertainties: An Approximate Message Passing approach}},
url = {http://ieeexplore.ieee.org/xpls/abs\_all.jsp?arnumber=6190118 http://ieeexplore.ieee.org/lpdocs/epic03/wrapper.htm?arnumber=6190118},
year = {2011}
}

@article{Chambolle_2010_a,
author = {Chambolle, A and Caselles, V},
journal = {Theoretical Foundations and Numerical Methods for Sparse Recovery},
pages = {263 -- 340},
title = {{An introduction to total variation for image analysis}},
url = {http://books.google.com/books?hl=en\&lr=\&id=MK1E-dch80MC\&oi=fnd\&pg=PA263\&dq=An+introduction+to+Total+Variation+for+Image+Analysis\&ots=l6tLYs3fsS\&sig=XJGcUhggSl6FDDtGbfnfvhifKyw},
volume = {9},
year = {2010}
}
