

@article{krause11robust,
	Author = {Andreas Krause and Carlos Guestrin and Anupam Gupta and Jon Kleinberg},
	Doi = {10.1145/1921621.1921625},
	Journal = {ACM Transactions on Sensor Networks (TOSN)},
	Month = {February},
	Number = {4},
	Title = {Robust Sensor Placements at Informative and Communication-Efficient Locations},
	Volume = {7},
	Year = {2011}}


@inproceedings{krause09simultaneous,
	Author = {Andreas Krause and Ram Rajagopal and Anupam Gupta and Carlos Guestrin},
	Booktitle = {Proc. ACM/IEEE International Conference on Information Processing in Sensor Networks (IPSN)},
	Title = {Simultaneous Placement and Scheduling of Sensors},
	Year = {2009}}

@article{krause08near,
	Author = {Andreas Krause and Ajit Singh and Carlos Guestrin},
	Journal = {Journal of Machine Learning Research (JMLR)},
	Month = {February},
	Pages = {235-284},
	Title = {Near-Optimal Sensor Placements in Gaussian Processes: Theory, Efficient Algorithms and Empirical Studies},
	Volume = {9},
	Year = {2008}}


@article{krause08efficient,
	Author = {Andreas Krause and Jure Leskovec and Carlos Guestrin and Jeanne VanBriesen and Christos Faloutsos},
	Comment = {Winner of the Best Research Paper Award (Draft; full version available here)},
	Journal = {Journal of Water Resources Planning and Management},
	Month = {November},
	Number = {6},
	Pages = {516-526},
	Title = {Efficient Sensor Placement Optimization for Securing Large Water Distribution Networks},
	Volume = {134},
	Year = {2008}}
	
@phdthesis{krause08thesis,
	Author = {Andreas Krause},
	Comment = {Honorable Mention for SCS Distinguished Dissertation Award},
  advisor = {Guestrin, Carlos},
	Month = {December},
	School = {Carnegie Mellon University},
	Title = {Optimizing Sensing: Theory and Applications},
  isbn = {978-0-549-98349-1},
  note = {AAI3343461},
  publisher = {Carnegie Mellon University},
  address = {Pittsburgh, PA, USA},
	Year = {2008}}
	
@inproceedings{krause07nectar,
	Author = {Andreas Krause and Carlos Guestrin},
	Booktitle = {National Conference on Artificial Intelligence (AAAI), Nectar track},
	Month = {July},
	Title = {Near-optimal Observation Selection using Submodular Functions},
	Year = {2007}}
	
@inproceedings{guestrin05near,
	Author = {Carlos Guestrin and Andreas Krause and Ajit Singh},
	Booktitle = {International Conference on Machine Learning (ICML)},
	Comment = {Winner of the Best Paper Runner-Up Award},
	Month = {August},
	Title = {Near-optimal Sensor Placements in {G}aussian Processes},
	Year = {2005}
}
	

@article{olea_84_a,
    author = {Olea, R. A.},
    citeulike-article-id = {10478758},
    journal = {Mathematical Geology},
    keywords = {12mateu},
    number = {4},
    pages = {369--392},
    posted-at = {2012-03-20 14:32:01},
    priority = {0},
    publisher = {Springer},
    title = {{Sampling design optimization for spatial functions}},
    volume = {16},
    year = {1984}
}


