@book{Proakis_1996_a,
 author = {Proakis, John G. and Manolakis, Dimitris G.},
 title = {Digital Signal Processing (3rd Ed.): Principles, Algorithms, and Applications},
 year = {1996},
 isbn = {0-13-373762-4},
 publisher = {Prentice-Hall, Inc.},
 address = {Upper Saddle River, NJ, USA},
} 
