

@article{wellmann2013information,
	title={Information Theory for Correlation Analysis and Estimation of Uncertainty Reduction in Maps and Models},
 	author={Wellmann, J. Florian},
 	journal={Entropy},
 	volume={15},
  	number={4},
  	pages={1464--1485},
  	year={2013},
  	publisher={Multidisciplinary Digital Publishing Institute}
	}
